@article{
	metis,
	title     = {METIS-Unstructured Graph Partitioning and Sparse Matrix Ordering System, Version 2.0},
	author    = {Karypis, G. and Kumar, V.},
	year      = {1995},
	publisher = {Citeseer}
}

@article{
	walshaw2000,
	title={Mesh partitioning: a multilevel balancing and refinement algorithm},
	author={Walshaw, C. and Cross, M.},
	journal={SIAM Journal on Scientific Computing},
	volume={22},
	number={1},
	pages={63--80},
	year={2000},
	publisher={Citeseer}
}