@inproceedings{
	hoppe99,
	author = "Hoppe, Hugues",
	title = "Optimization of mesh locality for transparent vertex caching",
	booktitle = "Proceedings of the 26th annual conference on Computer graphics and interactive techniques",
	series = "SIGGRAPH '99",
	year = "1999",
	isbn = "0-201-48560-5",
	pages = "269--276",
	numpages = "8",
	urldate = "http://dx.doi.org/10.1145/311535.311565",
	doi = "10.1145/311535.311565",
	acmid = "311565",
	publisher = "ACM Press/Addison-Wesley Publishing Co.",
	address = "New York, NY, USA",
	keywords = "geometry compression, triangle strips",
}

@inproceedings{
	gilbert1995,
	title={Geometric mesh partitioning: Implementation and experiments},
	author={Gilbert, J.R. and Miller, G.L. and Teng, S.H.},
	booktitle={Parallel Processing Symposium, 1995. Proceedings., 9th International},
	pages={418--427},
	year={1995},
	organization={IEEE}
}