@manual{
	xeon32,
	editor = "Intel Corporation",
	title = "64-bit " # intelxeon # " Processor with 2 MB L2 Cache Datasheet",
	date = "2005-09",
	note = "Revision 002",
	url = "http://www.intel.com/Assets/en_US/PDF/datasheet/306249.pdf",
	urldate = "2012-06",
}

@manual{
	xeon5100,
	editor = "Intel Corporation",
	title = "Dual-Core Intel{\textregistered} Xeon{\textregistered} Processor 5100 Series Datasheet",
	organization = "Intel Corporation",
	date = "2007-08",
	note = "Revision 003",
	url = "http://www.intel.com/Assets/en_US/PDF/datasheet/313355.pdf",
}

@manual{
	xeon5600,
	title = {Intel{\textregistered} Xeon{\textregistered} Processor 5600 Series Datasheet Volume 1},
	organization = {Intel Corporation},
	month = {June},
	year = {2011},
	note = {Revision 002},
	pages = {11--12},
	url = {http://www.intel.com/content/dam/www/public/us/en/documents/datasheets/xeon-5600-vol-1-datasheet.pdf},
}

@manual{
	teslaM2070,
	title = {Tesla\textsuperscript{\texttrademark} M2050/M2070 GPU Computing Module},
	organization = {NVIDIA Corporation},
	month = {April},
	year = {2010},
	url = {http://www.nvidia.com/docs/IO/43395/NV_DS_Tesla_M2050_M2070_Apr10_LowRes.pdf}
}

@manual{
	inteloptimize,
	author        = {{Intel Corporation}},
	title         = {{Intel\textsuperscript{\textregistered} 64 and IA-32 Architectures Optimization Reference Manual}},
	year          = {2011},
	month         = {June},
}

@manual{
	intelsys,
	author        = {{Intel Corporation}},
	title         = {{Intel\textsuperscript{\textregistered} 64 and IA-32 Architectures Software Developer's Manual}},
	year          = {2012},
	month         = {March},
}