@misc{
	cuda_documentation,
	author = {NVidia},
	title = {NVidia Developer Zone - GPU Computing Documentation},
	url={http://developer.nvidia.com/nvidia-gpu-computing-documentation}
}

@misc{
	cuda_library_documentation,
	author={NVIDIA},
	title={NVIDIA CUDA Library Documentation},
	url={http://www.clear.rice.edu/comp422/resources/cuda/html/index.html}
}

@misc{gmsh,
	author = {Christophe Geuzaine and Jean-Fran√ßois Remacle},
	title = {Gmsh: a three-dimensional finite element mesh generator with built-in pre- and post-processing facilities},
	month = jun,
	year = {2012},
	url = {http://www.geuz.org/gmsh/}
}

@misc {
	mitlab3,
	author = {Charles E. Leiserson},
	title = {Course 6.884 -- Lab 3: Stencil Computing},
	organization = {Massachusetts Institute of Technology},
	month = {February},
	year = {2010},
	note = {Concepts in Multicore Programming},
	url = {http://courses.csail.mit.edu/6.884/spring10/labs/lab3.pdf}
}

@misc {
	parlab2008,
	author = {Samuel Williams and David Patterson},
	title = {The Roofline Model: a pedagogical tool for program analysis and optimization},
	organization = {EECS Department, University of California, Berkeley},
	year = {2008},
	url = {http://www.cs.berkeley.edu/~samw/research/talks/parlab08_roofline.pdf},
}