@string ( intel = "Intel\textsuperscript{\textregistered}")
@string ( xeon = "Xeon\textsuperscript{\textregistered}" )
@string { intelxeon = intel # " " # xeon }