@techreport{
	williams08,
    author = "Samuel Webb Williams and Andrew Waterman and David A. Patterson",
    title = "Roofline: An Insightful Visual Performance Model for Floating-Point Programs and Multicore Architectures",
    institution = "EECS Department, University of California, Berkeley",
    year = "2008",
    month = "October",
    url = "http://www.eecs.berkeley.edu/Pubs/TechRpts/2008/EECS-2008-134.html",
    number = "UCB/EECS-2008-134",
    abstract = "We propose an easy-to-understand, visual performance model that offers insights to programmers and architects on improving parallel software and hardware for floating point computations."
}